@online{pomerantz,
         author = "Alexa Pomerantz",
         title = "An introduction to the p-adic numbers",
         url = "https://math.uchicago.edu/~may/REU2020/REUPapers/Pomerantz.pdf"}


@book{gouvêa,
      author = "Fernando Q. Gouvêa",
      title = "p-adic Numbers: An Introduction",
      isbn = {978-3-030-47294-8},
      series = "Universitext",
      publisher = "Springer"}
